<?xml version="1.0" encoding="UTF-8"?><collection xmlns="http://www.loc.gov/MARC21/slim"><record><leader>00434nam--2200133-i-4500</leader><controlfield tag="001">000048068</controlfield><controlfield tag="002">20161230</controlfield><controlfield tag="005">20161230201046</controlfield><controlfield tag="008">060222s1000------------r-----000-0-eng-d</controlfield><datafield ind1=" " ind2=" " tag="080"><subfield code="a">65.01:347</subfield></datafield><datafield ind1=" " ind2=" " tag="100"><subfield code="a">Zlatescu, Victor Dan</subfield></datafield><datafield ind1=" " ind2=" " tag="245"><subfield code="a">Reglementarea legala a organizarii si conducerii unitatilor socialiste de stat. legea nr.11 din 21 octombrie 1971, comentata</subfield></datafield><datafield ind1=" " ind2=" " tag="260"><subfield code="a">Bucuresti, Editura Stiintifica, 1974, 300p</subfield></datafield><datafield ind1=" " ind2=" " tag="852"><subfield code="a">39107</subfield></datafield></record></collection>